@online{MeasuringIOPSpark,
  title    = {Measuring e/m | {{IOPSpark}}},
  url      = {https://spark.iop.org/measuring-em},
  urldate  = {2024-02-28},
  abstract = {Demonstration: this experiment shows that a cathode ray is made up of particles with a constant ratio of charge to mass (e/m). A magnetic field bends the cathode rays into a closed circle.},
  langid   = {english},
  file     = {/Users/mateuszkazimierczak/Zotero/storage/M6RWLRC2/measuring-em.html}
}

@online{o.lebigotUncertaintiesPythonPackage,
  title   = {Uncertainties {{Python}} Package 3.0.1},
  author  = {O. LEBIGOT, Eric},
  url     = {https://pythonhosted.org/uncertainties/},
  urldate = {2024-02-28},
  file    = {/Users/mateuszkazimierczak/Zotero/storage/GQ3AG835/uncertainties.html}
}

@misc{ZeemanEffectLab,
  title        = {The {{Zeeman Effect}} (Lab Handout)},
  url          = {https://q.utoronto.ca/courses/332874/files/29680862?module_item_id=5379980},
  organization = {{University of Toronto, Central Scientific Company}}
}

@article{gommers2022scipy,
  title   = {scipy/scipy: SciPy 1.9. 0},
  author  = {Gommers, Ralf and Virtanen, Pauli and Burovski, Evgeni and Weckesser, Warren and Oliphant, Travis E and Haberland, Matt and Cournapeau, David and Reddy, Tyler and Peterson, Pearu and Nelson, Andrew and others},
  journal = {Zenodo},
  year    = {2022}
}
